<?xml version="1.0" encoding="UTF-8"?><collection xmlns="http://www.loc.gov/MARC21/slim"><record><leader>00393nam--2200133-i-4500</leader><controlfield tag="001">000023282</controlfield><controlfield tag="002">20161230</controlfield><controlfield tag="005">20161230201035</controlfield><controlfield tag="008">060222s1000------------r-----000-0-eng-d</controlfield><datafield ind1=" " ind2=" " tag="080"><subfield code="a">015:621.375.823</subfield></datafield><datafield ind1=" " ind2=" " tag="100"><subfield code="a">Hauden, Daniel</subfield></datafield><datafield ind1=" " ind2=" " tag="245"><subfield code="a">Polarisation et emission radioelectrique dans un maser a ammoniac a 2 cavites. these</subfield></datafield><datafield ind1=" " ind2=" " tag="260"><subfield code="a">Besancon, Faculte Des Sciences, 1971 73 P</subfield></datafield><datafield ind1=" " ind2=" " tag="852"><subfield code="a">38279</subfield></datafield></record></collection>